<?xml version="1.0" encoding="UTF-8"?><collection xmlns="http://www.loc.gov/MARC21/slim"><record><leader>00632nam--2200181-u-4500</leader><controlfield tag="001">000054605</controlfield><controlfield tag="002">20161230</controlfield><controlfield tag="005">20161230201051</controlfield><controlfield tag="008">120330s1000------------r-----000-0-fre-d</controlfield><datafield ind1=" " ind2=" " tag="040"><subfield code="a">IFIN-HH</subfield></datafield><datafield ind1=" " ind2=" " tag="041"><subfield code="a">fre</subfield></datafield><datafield ind1=" " ind2=" " tag="080"><subfield code="a">539.171.16(043):539.14(043)</subfield></datafield><datafield ind1="1" ind2=" " tag="100"><subfield code="a">Badawy, Ismail</subfield></datafield><datafield ind1="1" ind2="0" tag="245"><subfield code="a">Etude de la distribution de matiere nucleaire par la diffusion de particles alpha pres de la barriere coulombienne sur les isotopes du cadmium, de l'etain, du tellure, du samarium et du plomb</subfield><subfield code="b">These</subfield><subfield code="c">Ismail badawy</subfield></datafield><datafield ind1=" " ind2=" " tag="260"><subfield code="a">Paris</subfield><subfield code="b">Universite</subfield><subfield code="c">1974</subfield></datafield><datafield ind1=" " ind2=" " tag="300"><subfield code="a">/PAG.DIF.</subfield></datafield><datafield ind1=" " ind2=" " tag="852"><subfield code="a">43368</subfield><subfield code="c">539.14</subfield></datafield><datafield ind1=" " ind2=" " tag="CAT"><subfield code="a">Sys</subfield><subfield code="c">20120330</subfield><subfield code="h">141624</subfield></datafield></record></collection>